@Comment А вот так оформляется библиография при помощи BibTeX.

@Book{Astakhova,
  author =       {Астахова Т.П., Морозов Ю.Н.},
  title =        {Основы аэродинамической компоновки},
  publisher =    {М.: Издательство МГТУ им. Н.Э. Баумана},
  year =         {1973, --- 48 c.},
  language =     "russian"
}

@Book{Lebedev,
  author = {Лебедев А.А., Чернобровкин Л.С. },
  title = {Динамика полета беспилотных летательных аппаратов. Учебное пособие для вузов. Изд. 2-е, переработанное и доп},
  publisher = {М., Машиностроение},
  year = {1973, --- 616 с.},
  language = "russian"
}

@Book{Borovsky,
  author = {Е.Э. Боровский},
  title = {Методическое пособие «Определение аэродинамических характеристик изолированных элементов»}, 
  publisher = {М.: типография МВТУ},
  year = {1985, --- 27 с.},
  language = "russian"
}

@Book{Fahrud,
  author = {Фахрудинов И.Х., Котельников А. В. },
  title = {Конструкция и проектирование ракетных двигателей твердого топлива: Учебник для машиностроительных вузов},
  publisher ={М.: Машиностроение},
  year =  {1987, --- 328 с.},
  language = "russian"
}

@Book{Lipanov,
  author = {Липанов А.М., Алиев А.В. },
  title = {Проектирование ракетных двигателей твердого топлива: Учебник для студентов вузов.},
  publisher = {М.: Машиностроение},
  year = {1995, --- 400 с.: ил.},
  language = "russian"
}


@Book{Skvor,
  author = {Скворцов Ю.В.},
  title = {Организационно-экономические вопросы в дипломном проектировании},
  publisher = {М.: Студент},
  year = {2012, --- 347 с.},
  language = "russian"
}

@Book{Savch,
  author = {Савченко Н.Н.},
  title = {Планирование и технико-экономическое обоснование научно-исследовательских работ, включающих процессы моделирования},
  publisher = {М.: Издательство МГТУ им. Н.Э. Баумана},
  year = {1976, --- 45 с.},
  language = "russian"
}

@Book{Falk,
  author = {Фалько С.Г.},
  title = {Организация и планирование проведения НИОКР},
  publisher = {М.: Издательство МГТУ им. Н.Э. Баумана},
  year = {2008},
  language = "russian"
}

@Book{GOST1,
  author = {},
  title = {ГОСТ 20058-80. Динамика летательных аппаратов в атмосфере. Термины, определения и обозначения},
  publisher = {М.: Издательство стандартов},
  year = {1989},
  language = "russian"
}

@Book{SHAP_MAX,
  author = {Шапиро Я.М., Мазинг Г.Ю., Прудников Н.Е.},
  title = {Основы проектирования ракет на твердом топливе.},
  publisher = {М.: Военное издательство Министерства Обороны СССР},
  year = {1968},
  language = "russian"
}


@Book{LOL1,
  author = {Абугов Д.И., Бобылев В.М.},
  title = {Теория и расчет ракетных двигателей твердого топлива. Учебник для машиностроительных вузов},
  publisher = {М.: Машиностроение},
  year = {1987},
  language = "russian"
}

@Book{LOL2,
  author = {Б.В. Орлов},
  title = {Проектирование ракетных и ствольных систем},
  publisher = {М.: Машиностпроение},
  year = {1974},
  language = "russian"
}
@Book{LOL3,
  author = {Дмитриевский А. А., Лысенко Л. Н. },
  title = {Прикладные задачи теории оптимального управления движением беспилотных летательных аппаратов},
  publisher = {М.: Машиностроение},
  year = {1987},
  language = "russian"
}
@Book{LOL4,
  author = {Орлов Б.В., Мазинг Г.Ю.},
  title = {ермодинамические м баллистичесие основы проектирования ракетных двигателей на твердом топливе: Учеб. Пособие для вузов.},
  publisher = {М.: Машиностроение},
  year = {1979. --- 392 с., ил. 88.},
  language = "russian"
}
@Book{LOL5,
  author = {В.В. Ветров, В.П. Строгалев},
  title = {Физические основы устройства и функционирования стрелково-пушечного, артиллерийского и ракетного оружия. Часть II. Физические основы устройства и функционирования ракетного оружия: Учебник для вузов},
  publisher = {Тула: Издательство ТулГУ},
  year = {2007. --- 760 с.},
  language = "russian"
}

@Book{ECO,
  author = {Юдин Е.Я., Белов С.В., Баланцев С.К.},
  title = {Охрана труда в машиностроении. Учебник для машиностроительных ВУЗов. --- 2-е изд., перераб. и доп.},
  publisher = {М.: Машиностроение},
  year = {1983. --- 432 с.},
  language = "russian"
}


@Book{TECHNO,
  author = {Косилова А.Г., Мещерекова Р.К.},
  title = {Справочник технолога-машиностроителя. В 2-х т. Т. 2.},
  publisher = {М.: Машиностроение},
  year = {1985. --- 496 с.},
  language = "russian"
}
